@online{goethepolicy,
    author        = {Johann Wolfgang Goethe University},
    title         = {Johann Wolfgang Goethe University policy regarding good scientific practice},
    year          = {2005},
    url           = {http://www.uni-frankfurt.de/39848797/good-scientific-practice.pdf}
}


@online{robust-wiki,
    author        = {various/unknown},
    title         = {History and unpopularity of robust regression},
    year          = {Snapshot 13 Oct. 2016},
    url           = {https://en.wikipedia.org/wiki/Robust_regression#History_and_unpopularity_of_robust_regression}
}

@article{cauchy,
    author = {Augustin-Louis Cauchy},
    title = {{M\'{e}thode g\'{e}n\'{e}rale pour la r\'{e}solution des syst\`{e}mes d'\'{e}quations simultan\'{e}es}},
    year = {1847},
    doi = {10.1017/cbo9780511702396.063}
}


@article{lso,
    author = {Stephen M. Stigler},
    title = {Gauss and the Invention of the Least Squares},
    year = {1981},
    journaltitle = {The Annals of Statistics},
    volume = {9, No. 3},
    pages = {465--474}
}




@unpublished{goodfellow,
    title={Deep Learning},
    author={Ian Goodfellow Yoshua Bengio and Aaron Courville},
    note={Book in preparation for MIT Press},
    url={http://www.deeplearningbook.org},
    year={2016}
}

@online{coursera-ml,
    author        = {Andrew Ng},
    title         = {Machine Learning by Stanford University on Coursera},
    year          = {2011},
    url           = {https://www.coursera.org/learn/machine-learning}
}

@online{udacity-dl,
    author        = {Arpan Chakraborty and Vincent Vanhoucke},
    title         = {Deep Learning by Google on Udacity},
    year          = {2016},
    url           = {https://www.udacity.com/course/deep-learning--ud730}
}

@book{russell,
    author = {Stuart Russell and Peter Norvig},
    title = {Artificial Intelligence: A Modern Approach},
    edition = {3},
    year = {2009},
    publisher = {Pearson Education},
    isbn = {0136042597},
}


@article{halevy,
    author = {Alon Halevy, Peter Norvig and Fernando Pereira},
    title = {The Unreasonable Effectiveness of Data},
    journaltitle = {IEEE Intelligent Systems},
    year = {2009},
    volume = {March/April},
    pages = {8--12},
    doi = {10.1109/MIS.2009.36}
}


@book{bishop,
 author = {Christopher M. Bishop},
 title = {Pattern Recognition and Machine Learning},
 year = {2006},
 isbn = {0387310738},
 publisher = {Springer}
}


@book{andersen,
  title={Modern Methods for Robust Regression},
  author={Robert Andersen},
  isbn={9781412940726},
  year={2008},
  publisher={SAGE}
}

@unpublished{tendeiro,
  title={Workshop: Modern Methods for Robust Regression},
  Author = {Jorge Tendeiro},
  Institution = {University of Groningen},
  Howpublished = {University Lecture},
  Year = {2013},
  url = {http://www.gmw.rug.nl/~huisman/sgs/2013_06_19_Robust_Regression.pdf}
}


@article{turing:50,
    author = {Alan M. Turing},
    title = {Computing Machinery and Intelligence},
    journaltitle = {Mind},
    year = {1950},
    volume = {LIX},
    pages = {433--460},
    doi = {10.1093%2Fmind%2FLIX.236.433}
}


@online{stretchpants,
    author        = {Arpan Chakraborty and Vincent Vanhoucke},
    title         = {Regularization},
    note={Video part of Google's course on Deep Learning at Udacity},
    year          = {2016},
    url           = {https://www.youtube.com/watch?v=U_CLHExy_Xk}
}

@online{normalequation,
    author        = {Andrew Ng},
    title         = {Normal Equation},
    note={Video part of Stanford's course on machine learning at Coursera},
    year          = {2011},
    url           = {https://class.coursera.org/ml-003/lecture/24}
}

@book{cohen,
    author = {Mike X Cohen},
    title = {Analyzing Neural Time Series Data: Theory and Practice},
    year = {2014},
    publisher = {MIT Press},
    isbn = {9780262019873},
}



@article{wavelets,
author = {Albert Cohen and Ingrid Daubechies},
journal = {Revista Matem√°tica Iberoamericana},
title = {Non-separable Bidimensional Wavelet Bases},
url = {http://eudml.org/doc/39836},
year = 1993,
}

@online{softmax,
    author        = {Geoffrey Hinton},
    title         = {Lecture 4.3 -- The softmax output function},
    note={Video part of Toronto's course: Neural Networks for Machine Learning at Coursera},
    year          = {2012},
    url           = {https://class.coursera.org/neuralnets-2012-001/lecture/47}
}

@article{backprop,
    author = {Peter J Sadowski},
    title = {Notes on Backpropagation},
    note = {Department of Computer Science, University of California Irvine},
    year = {retrieved 2016},
    url = {https://www.ics.uci.edu/~pjsadows/notes.pdf}
}

@article{kernelpaper,
    author = {BernhardE. Boser, Isabelle M. Guyon and Vladimir N.Vapnik},
    title = {A Training Algorithm for Optimal Margin Classifiers},
    year = {1992},
    doi = {10.1145/130385.130401}
}

@article{deepsvm,
    author = {Yichuan Tang},
    title = {Deep Learning using Support Vector Machines},
    year = {2015},
    url = {https://arxiv.org/pdf/1306.0239.pdf}
}

@article{theil,
    author = {Henri Theil},
    title = {A rank-invariant method of linear and polynomial regression analysis},
    year = {1950},
    doi = {10.1007/978-94-011-2546-8_20}
}

@article{sen,
    author = {Pranab Kumar Sen},
    title = {Estimates of the Regression Coefficient Based on Kendall's Tau},
    year = {1968},
    doi = {10.1080/01621459.1968.10480934}
}


@article {mercer,
        author = {James Mercer},
        title = {Functions of Positive and Negative Type, and their Connection with the Theory of Integral Equations},
        volume = {209},
        number = {441-458},
        pages = {415--446},
        year = {1909},
        doi = {10.1098/rsta.1909.0016},
        publisher = {The Royal Society},
        issn = {0264-3952},
        journal = {Philosophical Transactions of the Royal Society of London A: Mathematical, Physical and Engineering Sciences}
}


@online{darpa-vid,
    author        = {John Launchbury},
    title         = {A Darpa Perspective on Artificial Intelligence},
    note          = {Video},
    year          = {2017},
    url           = {http://www.darpa.mil/about-us/darpa-perspective-on-ai}
}

@online{darpa-slides,
    author        = {John Launchbury},
    title         = {A Darpa Perspective on Artificial Intelligence},
    note          = {Slides},
    year          = {2017},
    url           = {http://www.darpa.mil/attachments/AIFull.pdf}
}


@article {deephist,
        author = {Haohan Wang, Bhiksha Raj},
        title = {On the Origin of Deep Learning},
        year = {2017},
        doi = {arXiv:1702.07800}
}


@article {svm_knn,
        author = {Prabha Kumari, Prof. (Dr.) Y.H. Dandawate, Angha Bidkar},
        title = {Raga Analysis and Classification of Instrumental Music},
        year = {2015},
        publisher = {International Conference on Information Engineering, Management and Security [ICIEMS]},
        doi = {10.1109/NGCT.2015.7375216}
}


@online{tf-cnn,
    %author        = {},
    title         = {Convolutional Neural Networks -- Model Training},
    note          = {Tutorial part of the TensorFlow API},
    year          = {2017},
    url           = {https://www.tensorflow.org/tutorials/deep_cnn#model_training}
}


@online{activation-funcs,
    author        = {Adam Harley},
    title         = {Demystifying Deep Convolutional Neural Networks},
    note          = {Interactive article, Version 1.1},
    year          = {Snapshot 4 Feb. 2017},
    url           = {http://scs.ryerson.ca/~aharley/neural-networks/}
}


@article {logregconvex,
        author = {Jason D. M. Rennie},
        title = {Regularized Logistic Regression is Strictly Convex},
        note  = {Technical report, MIT},
        year = {2005},
        url = {http://qwone.com/~jason/writing/convexLR.pdf}
}



@article {t-sne,
        author = {Laurens van der Maaten, Geoffrey Hinton},
        title = {Visualizing Data using t-SNE},
        year = {2008},
        journaltitle = {Journal of Machine Learning Research},
        volume = {9},
        pages = {2579--2605},
        url = {http://www.jmlr.org/papers/volume9/vandermaaten08a/vandermaaten08a.pdf}
}



@article {vapnik,
        author = {Corinna Cortes, Vladimir Vapnik},
        title = {Support-Vector Networks},
        year = {1995},
        journaltitle = {Machine Learning},
        volume = {20},
        pages = {273-297},
        doi = {10.1023/A:1022627411411},
        url = {http://image.diku.dk/imagecanon/material/cortes_vapnik95.pdf}
}


@book{nielsen,
    author = {Michael A. Nielsen},
    title = {Neural Networks and Deep Learning},
    year = {2015},
    publisher = {Determination Press},
    url = {http://neuralnetworksanddeeplearning.com/},
}


@book{controlsystems,
    author = {Dustan Graham, Duane McRuer},
    title = {Analysis of Nonlinear Control Systems},
    year = {1961},
    publisher = {Wiley Press},
    doi = {10.1002/aic.690100103}
}


@article {adversarial,
        author = {Abigail Graese, Andras Rozsa and Terrance E. Boult},
        title = {Assessing Threat of Adversarial Examples on Deep Neural Networks},
        year = {2016},
        journaltitle = { IEEE ICMLA},
        doi = {arXiv:1610.04256},
        url = {http://arxiv.org/abs/1610.04256}
}


@phdthesis{gulati,
    author = {Sankalp Gulati},
    title = {Computational Approaches for Melodic Description in Indian Art Music Corpora},
    year = {2016},
    note={PhD Thesis directed by Prof. Xavier Serra Casals at the Universitat Pompeu Fabra in Barcelona},
}


@online{gulati-slides,
    author = {Sankalp Gulati},
    title = {Computational Approaches for Melodic Description in Indian Art Music Corpora},
    year = {2016},
    note={Slides for the PhD Dissertation the Universitat Pompeu Fabra in Barcelona},
    url           = {mtg.upf.edu/system/files/publications/PhD_SankalpGulati.pdf}
}





@article {serra-comp11,
        author = {Xavier Serra},
        title = {A Multicultural Approach in Music Information Research},
        year = {2011},
        note={12th International Society for Music Information Retrieval Conference (ISMIR)},
        url = {http://mtg.upf.edu/node/2276}
}



@article {serra-comp14,
        author = {Xavier Serra},
        title = {Creating Research Corpora for the Computational Study of Music: the case of the CompMusic Project},
        year = {2014},
        booktitle = {AES 53rd International Conference on Semantic Audio},
        isbn = { 978-1-63266-284-2},
        url = {http://mtg.upf.edu/node/2899}
}



@article {indian-corpora,
        author = {Ajay Srinivasamurthy and Gopala Krishna Koduri and Sankalp Gulati and Vignesh Ishwar and Xavier Serra},
        title = {Corpora for Music Information Research in Indian Art Music},
        note = {International Computer Music Conference/Sound and Music Computing Conference (Athens, Greece)},
        year = {2014},
        url = {http://mtg.upf.edu/node/2990}
}


@article {choi-fcn,
        author = {Keunwoo Choi, Gy\"orgy Fazekas and Mark Sandler},
        title = {Automatic Tagging Using Deep Convolutional Neural Networks},
        note = {17th International Society for Music Information Retrieval Conference},
        year = {2016},
        url = {http://arxiv.org/abs/1606.00298}
}


@article{choi-crnn,
  author    = {Keunwoo Choi, Gy\"orgy Fazekas, Mark B. Sandler and Kyunghyun Cho},
  title     = {Convolutional Recurrent Neural Networks for Music Classification},
  journal   = {CoRR},
  year      = {2016},
  url       = {http://arxiv.org/abs/1609.04243}
}

@article {choi-robustness,
        author = {Keunwoo Choi, Gy\"orgy Fazekas, Kyunghyun Cho and Mark B. Sandler},
        title = {On the Robustness of Deep Convolutional Neural Networks for Music Classification},
        journal   = {CoRR},
        year      = {2017},
        url       = {http://arxiv.org/abs/1706.02361},
}

@article{choi-explaining,
  author    = {Keunwoo Choi, Gy\"orgy Fazekas, Kyunghyun Cho and Mark B. Sandler},
  title     = {Explaining Deep Convolutional Neural Networks on Music Classification},
  journal   = {CoRR},
  year      = {2016},
  url       = {http://arxiv.org/abs/1607.02444}
}



@article{convtransfer,
  author    = {Keunwoo Choi, Gy{\"{o}}rgy Fazekas, Mark B. Sandler and Kyunghyun Cho},
  title     = {Transfer Learning for Music Classification and Regression Tasks},
  journal   = {CoRR},
  year      = {2017},
  url       = {http://arxiv.org/abs/1703.09179}
}


@article {haggblade,
        author = {Michael Haggblade, Yang Hong and Kenny Kao},
        title = {Music Genre Classification},
        note = {Department of Computer Science, Stanford University},
        year      = {2011}
}


@book{krishna,
    author = {Thodur Madabusi Krishna},
    title = {A Southern Music - The Karnatik Story},
    year = {2013},
    publisher={Thompson Press (India) Ltd.},
    isbn = {978-93-5177-740-3},

}


@book{hoppin,
    author = {Richard Hallowell Hoppin},
    title = {Medieval Music},
    year = {1978},
    publisher={W. W. Norton & Company},
    isbn = {978-0-393-09090-1},

}

@online{numpy,
    author        = {NumPy developers},
    note={A package for scientific computing with Python},
    title         = {HDF5 for Python},
    url           = {http://www.numpy.org/}
}

@online{h5py,
    author        = {Andrew Collette & contributers},
    note={A Pythonic interface to the HDF5 binary data format},
    title         = {HDF5 for Python},
    url           = {http://www.h5py.org/}
}

@online{librosa,
    author        = {Librosa development team},
    title         = {LibROSA},
    note={A python package for music and audio analysis},
    url           = {librosa.github.io/librosa/}
}

@online{matplotlib,
    author        = {The Matplotlib development team},
    title         = {Matplotlib},
    note={A Python 2D plotting library which produces publication quality figures in a variety of hardcopy formats and interactive environments across platforms},
    url           = {https://matplotlib.org/}
}


@online{mp3,
    author        = {Fraunhofer Institute for Integrated Circuits},
    title         = {Overview mp3},
    url           = {https://www.iis.fraunhofer.de/en/ff/amm/prod/audiocodec/audiocodecs/mp3.html}
}

@online{rubberband,
    author        = {Chris Cannam},
    title         = {Rubber Band},
    note          = {An audio time-stretching and pitch-shifting library and utility program},
    url           = {https://github.com/jlank/rubberband}
}


@online{tflow,
    author        = {Google Inc.},
    title         = {TensorFlow},
    note          = {An open-source software library for Machine Intelligence},
    url           = {https://www.tensorflow.org/}
}

@online{pywt,
    author        = {The PyWavelets Developers},
    title         = {PyWavelets},
    note          = {A free and Open Source wavelet transform software for the Python programming language},
    url           = {https://pywavelets.readthedocs.io/en/latest/}
}

@online{protobufs,
    author        = {Google Inc.},
    title         = {Protocol Buffers -- Google's Data Interchangeable Format},
    note          = {Google's language-neutral, platform-neutral, extensible mechanism for serializing structured data},
    url           = {https://github.com/google/protobuf}
}





@article {wavspaper,
        author = {Jongpil Lee, Jiyoung Park, Keunhyoung Luke Kim and Juhan Nam},
        title = {Sample-Level Deep Convolutional Neural Networks For Music Auto-Tagging Using Raw Waveforms},
        note = {Korea Advanced Institute of Science and Technology (KAIST)},
        year = {2017},
        url       = {http://arxiv.org/abs/1703.01789}
}

@book{Loy:2006:MMF:1162289,
 author = {Loy, Gareth},
 title = {Musimathics: The Mathematical Foundations of Music, Volume 1},
 year = {2006},
 isbn = {0262122820},
 publisher = {The MIT Press},
}

@book{musimathics,
  title={Musimathics: The Mathematical Foundations of Music, Volume 2},
  author={Gareth Loy},
  year = {2006},
  isbn = {0262122820},
  publisher = {The MIT Press}
}



@book{wavelet-book,
 author = {Edited by Christopher Heil and David F. Walnut},
 publisher = {Princeton University Press},
 title = {Fundamental Papers in Wavelet Theory},
 isbn = 9780691127057,
 year = 2006
}



@article{cqt,
  author = {Judith Brown},
  journal = {Journal of the Acoustical Society of America},
  title = {Calculation of a constant Q spectral transform},
  year = {1991}
}





@article{mgr_survey,
    author = {Bob L. Sturm},
    title = {A Survey of Evaluation in Music Genre Recognition},
    year = {2012},
    journaltitle = {Adaptive Multimedia Retrieval},
}


@article{stokowiec,
    author = {Wojciech Stokowiec},
    title = {A Comparative Study on Music Genre Classification Algorithms},
    year = {2016},
    publisher = {Springer International Publishing Switzerland},
}


@article{msdataset,
  author = {Thierry Bertin-Mahieux, Daniel P.W. Ellis, Brian Whitman and Paul Lamere},
  title = {The Million Song Dataset},
  booktitle = {Proceedings of the 12th International Conference on Music Information Retrieval (ISMIR)},
  year = {2011}
}



@article{wavdeep,
  author    = {Jongpil Lee, Jiyoung Park, Keunhyoung Luke Kim and Juhan Nam},
  title     = {Sample-level Deep Convolutional Neural Networks for Music Auto-tagging Using Raw Waveforms},
  journal   = {CoRR},
  year      = {2017},
  url       = {http://arxiv.org/abs/1703.01789}
}



@article{montreal-mfcc,
     author = {Philippe Hamel, Simon Lemieux, Yoshua Bengio and Douglas Eck},
      title = {Temporal pooling and multiscale learning for automatic annotation and ranking of music audio},
  booktitle = {In Proceedings of the 12th International Conference on Music Information Retrieval},
       year = {2011}
}


@article{ireland-mfcc,
author = {Roisin Loughran, Jacqueline Walker, Michael O'Neill and Marion O'Farrell},
year = {2008},
title = {The Use of Mel-frequency Cepstral Coefficients in Musical Instrument Identification},
url = {https://quod.lib.umich.edu/i/icmc/bbp2372.2008.083?rgn=main;view=fulltext}
}

@article{belgium-mfcc,
author={Sander Dieleman and Benjamin Schrauwen},
booktitle={2014 IEEE International Conference on Acoustics, Speech and Signal Processing (ICASSP)},
title={End-to-end Learning for Music Audio},
year={2014},
doi={10.1109/ICASSP.2014.6854950}
}

@article{expressive-rhyt,
author={Andrew J. Lambert, Tillman Weyde and Newton Armstrong},
booktitle={The 12th Sound and Music Computing Conference},
title={Perceiving And Predicting Expressive Rhythm With Recurrent Neural Networks},
year={2015},
url = {http://openaccess.city.ac.uk/16489/1/lambert-smc-15.pdf}
}


@article {raagawise,
        title = {A Lightweight Real-time \Gls{raga} Recognition System for {I}ndian Art Music},
        booktitle = {Late-Breaking Demo Session of Int. Soc. for Music Information Retrieval Conf. (ISMIR) },
        year = {2015},
        author = {Sankalp Gulati and Kaustuv K. Ganguli and Swapnil Gupta and Ajay Srinivasamurthy and Xavier Serra},
        url = {http://compmusic.upf.edu/system/files/static_files/ISMIR_2015_LBD_RagaRec_0.pdf}
}


@article{adam,
  author    = {Diederik P. Kingma and Jimmy Ba},
  title     = {Adam: {A} Method for Stochastic Optimization},
  journal   = {CoRR},
  volume    = {abs/1412.6980},
  year      = {2014},
  url       = {http://arxiv.org/abs/1412.6980}
}



@unpublished{andres-bachelor,
    title={Machine Learning for Music Classification},
    author={Andr\'es Fern\'andez Rodr\'iguez},
    note={Bachelor's thesis supervised by Prof. V. Ramesh at the Goethe University Frankfurt a. M.},
    url={https://github.com/andres-fr/bachelor-thesis},
    year={2016}
}
